@Misc{Graves,
   author = "Steve Graves",
   title = "In-Memory Database Systems",  
   year = "2002",  
   howpublished = "\url{http://www.linuxjournal.com/article/6133}"
}

@Misc{Fowler,
   author = "Martin Fowler",
   title = "InMemoryTestDatabase",  
   year = "2005",  
   month = "november",   
   howpublished = "\url{http://martinfowler.com/bliki/InMemoryTestDatabase.html}"
}

@Misc{Gorine,
   author = "Andrei Gorine",
   title = "Building durability into data management for real-time systems",  
   year = "2004",  
   month = "september",   
   howpublished = "\url{http://www.mcobject.com/downloads/bassep04p19.pdf}"
}

@Misc{Wuestefeld,
   author = "Klaus Wuestefeld",
   title = "Object Prevalence",  
   year = "2001",
   month = "december",
   howpublished = "\url{http://www.advogato.org/article/398.html}"
}

@Misc{Prevayler,
	 author = "Prevayler",
	 year = "2008",
	 month = "march",
   title = "Prevayler Home Page",  
   howpublished = "\url{http://www.prevayler.org/wiki/}"
}

@Misc{Hobbs,
	 author = "Darren Hobbs",
	 year = "2003",
	 month = "march",
   title = "Prevayler Pertubations",  
   howpublished = "\url{http://darrenhobbs.com/?p=225}"
}

@Misc{Miller,
	 author = "Charles Miller",
	 year = "2003",
	 month = "april",
   title = "Prevayling Stupidity",  
   howpublished = "\url{http://fishbowl.pastiche.org/2003/04/11/prevayling_stupidity/}"
}

@Misc{TPC-C,
	 author = "Transaction Processing Performance Council",
	 year = "2007",
	 month = "june",
   title = "TPC Benchmark C",  
   howpublished = "\url{www.tpc.org/tpcc/spec/tpcc_current.pdf}"
}

@Misc{Bernt,
	 author = "Johnsen Bernt",
	 year = "2005",
	 month = "october",
   title = "Database Benchmarks",  
   howpublished = "\url{http://weblogs.java.net/blog/bernt/archive/2005/10/database_benchm_1.html}"
}

@Misc{tpc/sigmoid,
  author    = {Dave DeWitt},
  title     = {Standard Benchmarks for Database Systems},
  howpublished = "\url{http://www.tpc.org/information/sessions/sigmod/sigmod97.ppt}",
  year      = {1997}
}

@Misc{burleson,
	 author = "Donald Burleson",
	 year = "2002",
	 month = "august",
   title = "Database benchmark wars: What you need to know",  
   howpublished = "\url{http://articles.techrepublic.com.com/5100-10878_11-5031718.html}"
}

@Misc{gray,
	 author = "Jim Gray",
	 year = "1993",
   title = "Database and Transaction Processing Performance Handbook",  
   howpublished = "\url{http://research.microsoft.com/~Gray/BenchmarkHandbook/chapter1.pdf}"
}

@Misc{poleposition,
	 author = "Rick Grehan",
	 year = "2005",
	 month = "june",
   title = "An Open Source Database Benchmark",  
   howpublished = "\url{http://today.java.net/pub/a/today/2005/06/14/poleposition.html}"
}

@book{SSA,
	 author = "Nick Rozanski, Eoin Woods",
	 year = "2006",
	 publisher = "Addison Wesley",
   title = "Software System Architecture",  
}