@Misc{Graves,
   author = "Steve Graves",
   title = "In-Memory Database Systems",  
   year = "2002",  
   howpublished = "\url{http://www.linuxjournal.com/article/6133}"
}

@Misc{Fowler,
   author = "Martin Fowler",
   title = "InMemoryTestDatabase",  
   year = "2005",  
   month = "november",   
   howpublished = "\url{http://martinfowler.com/bliki/InMemoryTestDatabase.html}"
}

@Misc{Gorine,
   author = "Andrei Gorine",
   title = "Building durability into data management for real-time systems",  
   year = "2004",  
   month = "september",   
   howpublished = "\url{http://www.mcobject.com/downloads/bassep04p19.pdf}"
}

@Misc{Wuestefeld,
   author = "Klaus Wuestefeld",
   title = "Object Prevalence",  
   year = "2001",
   month = "december",
   howpublished = "\url{http://www.advogato.org/article/398.html}"
}

@Misc{Prevayler,
	 author = "Prevayler",
	 year = "2008",
	 month = "march",
   title = "Prevayler Home Page",  
   howpublished = "\url{http://www.prevayler.org/wiki/}"
}

@Misc{Hobbs,
	 author = "Darren Hobbs",
	 year = "2003",
	 month = "march",
   title = "Prevayler Pertubations",  
   howpublished = "\url{http://darrenhobbs.com/?p=225}"
}

@Misc{Miller,
	 author = "Charles Miller",
	 year = "2003",
	 month = "april",
   title = "Prevayling Stupidity",  
   howpublished = "\url{http://fishbowl.pastiche.org/2003/04/11/prevayling_stupidity/}"
}